%YAML 1.1
%TAG !u! tag:unity3d.com,2011:
--- !u!1 &6481268092363569337
GameObject:
  m_ObjectHideFlags: 0
  m_CorrespondingSourceObject: {fileID: 0}
  m_PrefabInstance: {fileID: 0}
  m_PrefabAsset: {fileID: 0}
  serializedVersion: 6
  m_Component:
  - component: {fileID: 6481268092363569336}
  m_Layer: 0
  m_Name: hangers
  m_TagString: Untagged
  m_Icon: {fileID: 0}
  m_NavMeshLayer: 0
  m_StaticEditorFlags: 0
  m_IsActive: 1
--- !u!4 &6481268092363569336
Transform:
  m_ObjectHideFlags: 0
  m_CorrespondingSourceObject: {fileID: 0}
  m_PrefabInstance: {fileID: 0}
  m_PrefabAsset: {fileID: 0}
  m_GameObject: {fileID: 6481268092363569337}
  m_LocalRotation: {x: 0, y: 0, z: 0, w: 1}
  m_LocalPosition: {x: 3.5219967, y: -2.5300026, z: 22.165007}
  m_LocalScale: {x: 0.80912614, y: 0.8091263, z: 0.8091263}
  m_Children:
  - {fileID: 6481268092704887811}
  - {fileID: 6481268092772703569}
  - {fileID: 6481268093610655272}
  - {fileID: 6481268092642168878}
  - {fileID: 6481268093545347081}
  - {fileID: 6481268092324912014}
  - {fileID: 6481268092689339097}
  - {fileID: 6481268093788396827}
  - {fileID: 6481268092345929072}
  - {fileID: 6481268092103129981}
  - {fileID: 6481268093146783274}
  - {fileID: 6481268092814575194}
  - {fileID: 6481268092193796592}
  - {fileID: 6481268092509140724}
  - {fileID: 6481268092958574205}
  - {fileID: 6481268093779670019}
  m_Father: {fileID: 0}
  m_RootOrder: 0
  m_LocalEulerAnglesHint: {x: 0, y: 0, z: 0}
--- !u!1001 &6481268092103492431
PrefabInstance:
  m_ObjectHideFlags: 0
  serializedVersion: 2
  m_Modification:
    m_TransformParent: {fileID: 6481268092363569336}
    m_Modifications:
    - target: {fileID: 118924, guid: d08aee4962743654c8c0199bbe76cd7d, type: 3}
      propertyPath: m_IsActive
      value: 0
      objectReference: {fileID: 0}
    - target: {fileID: 148220, guid: d08aee4962743654c8c0199bbe76cd7d, type: 3}
      propertyPath: m_Name
      value: Mural 10
      objectReference: {fileID: 0}
    - target: {fileID: 423986, guid: d08aee4962743654c8c0199bbe76cd7d, type: 3}
      propertyPath: m_LocalPosition.x
      value: 6.193105
      objectReference: {fileID: 0}
    - target: {fileID: 423986, guid: d08aee4962743654c8c0199bbe76cd7d, type: 3}
      propertyPath: m_LocalPosition.y
      value: 2.8796525
      objectReference: {fileID: 0}
    - target: {fileID: 423986, guid: d08aee4962743654c8c0199bbe76cd7d, type: 3}
      propertyPath: m_LocalPosition.z
      value: -0.12730567
      objectReference: {fileID: 0}
    - target: {fileID: 423986, guid: d08aee4962743654c8c0199bbe76cd7d, type: 3}
      propertyPath: m_LocalRotation.x
      value: -0.707442
      objectReference: {fileID: 0}
    - target: {fileID: 423986, guid: d08aee4962743654c8c0199bbe76cd7d, type: 3}
      propertyPath: m_LocalRotation.y
      value: 0.00000005960935
      objectReference: {fileID: 0}
    - target: {fileID: 423986, guid: d08aee4962743654c8c0199bbe76cd7d, type: 3}
      propertyPath: m_LocalRotation.z
      value: 0.7067715
      objectReference: {fileID: 0}
    - target: {fileID: 423986, guid: d08aee4962743654c8c0199bbe76cd7d, type: 3}
      propertyPath: m_LocalRotation.w
      value: -0.00000047683656
      objectReference: {fileID: 0}
    - target: {fileID: 423986, guid: d08aee4962743654c8c0199bbe76cd7d, type: 3}
      propertyPath: m_RootOrder
      value: 9
      objectReference: {fileID: 0}
    - target: {fileID: 10856534, guid: d08aee4962743654c8c0199bbe76cd7d, type: 3}
      propertyPath: m_Lightmapping
      value: 4
      objectReference: {fileID: 0}
    - target: {fileID: 10856534, guid: d08aee4962743654c8c0199bbe76cd7d, type: 3}
      propertyPath: m_Intensity
      value: 1.38
      objectReference: {fileID: 0}
    m_RemovedComponents: []
  m_SourcePrefab: {fileID: 100100000, guid: d08aee4962743654c8c0199bbe76cd7d, type: 3}
--- !u!4 &6481268092103129981 stripped
Transform:
  m_CorrespondingSourceObject: {fileID: 423986, guid: d08aee4962743654c8c0199bbe76cd7d,
    type: 3}
  m_PrefabInstance: {fileID: 6481268092103492431}
  m_PrefabAsset: {fileID: 0}
--- !u!1001 &6481268092194163138
PrefabInstance:
  m_ObjectHideFlags: 0
  serializedVersion: 2
  m_Modification:
    m_TransformParent: {fileID: 6481268092363569336}
    m_Modifications:
    - target: {fileID: 118924, guid: d08aee4962743654c8c0199bbe76cd7d, type: 3}
      propertyPath: m_IsActive
      value: 0
      objectReference: {fileID: 0}
    - target: {fileID: 148220, guid: d08aee4962743654c8c0199bbe76cd7d, type: 3}
      propertyPath: m_Name
      value: Mural 12 (1)
      objectReference: {fileID: 0}
    - target: {fileID: 148220, guid: d08aee4962743654c8c0199bbe76cd7d, type: 3}
      propertyPath: m_IsActive
      value: 1
      objectReference: {fileID: 0}
    - target: {fileID: 423986, guid: d08aee4962743654c8c0199bbe76cd7d, type: 3}
      propertyPath: m_LocalPosition.x
      value: 4.236
      objectReference: {fileID: 0}
    - target: {fileID: 423986, guid: d08aee4962743654c8c0199bbe76cd7d, type: 3}
      propertyPath: m_LocalPosition.y
      value: 2.88
      objectReference: {fileID: 0}
    - target: {fileID: 423986, guid: d08aee4962743654c8c0199bbe76cd7d, type: 3}
      propertyPath: m_LocalPosition.z
      value: 2.681
      objectReference: {fileID: 0}
    - target: {fileID: 423986, guid: d08aee4962743654c8c0199bbe76cd7d, type: 3}
      propertyPath: m_LocalRotation.x
      value: 0.9999999
      objectReference: {fileID: 0}
    - target: {fileID: 423986, guid: d08aee4962743654c8c0199bbe76cd7d, type: 3}
      propertyPath: m_LocalRotation.y
      value: -0.00000029501314
      objectReference: {fileID: 0}
    - target: {fileID: 423986, guid: d08aee4962743654c8c0199bbe76cd7d, type: 3}
      propertyPath: m_LocalRotation.z
      value: 0.0005032122
      objectReference: {fileID: 0}
    - target: {fileID: 423986, guid: d08aee4962743654c8c0199bbe76cd7d, type: 3}
      propertyPath: m_LocalRotation.w
      value: -0.00000037933324
      objectReference: {fileID: 0}
    - target: {fileID: 423986, guid: d08aee4962743654c8c0199bbe76cd7d, type: 3}
      propertyPath: m_RootOrder
      value: 12
      objectReference: {fileID: 0}
    - target: {fileID: 423986, guid: d08aee4962743654c8c0199bbe76cd7d, type: 3}
      propertyPath: m_LocalScale.x
      value: 1.2359009
      objectReference: {fileID: 0}
    - target: {fileID: 423986, guid: d08aee4962743654c8c0199bbe76cd7d, type: 3}
      propertyPath: m_LocalScale.y
      value: 1.235901
      objectReference: {fileID: 0}
    - target: {fileID: 423986, guid: d08aee4962743654c8c0199bbe76cd7d, type: 3}
      propertyPath: m_LocalScale.z
      value: 1.2359014
      objectReference: {fileID: 0}
    - target: {fileID: 428198, guid: d08aee4962743654c8c0199bbe76cd7d, type: 3}
      propertyPath: m_LocalPosition.z
      value: -0.001
      objectReference: {fileID: 0}
    - target: {fileID: 428198, guid: d08aee4962743654c8c0199bbe76cd7d, type: 3}
      propertyPath: m_LocalPosition.x
      value: 0.26
      objectReference: {fileID: 0}
    - target: {fileID: 466590, guid: d08aee4962743654c8c0199bbe76cd7d, type: 3}
      propertyPath: m_LocalPosition.x
      value: 0.023
      objectReference: {fileID: 0}
    - target: {fileID: 466590, guid: d08aee4962743654c8c0199bbe76cd7d, type: 3}
      propertyPath: m_LocalPosition.y
      value: 0.985
      objectReference: {fileID: 0}
    - target: {fileID: 466590, guid: d08aee4962743654c8c0199bbe76cd7d, type: 3}
      propertyPath: m_LocalPosition.z
      value: 0.003
      objectReference: {fileID: 0}
    - target: {fileID: 10856534, guid: d08aee4962743654c8c0199bbe76cd7d, type: 3}
      propertyPath: m_Lightmapping
      value: 4
      objectReference: {fileID: 0}
    - target: {fileID: 10856534, guid: d08aee4962743654c8c0199bbe76cd7d, type: 3}
      propertyPath: m_Intensity
      value: 1.38
      objectReference: {fileID: 0}
    m_RemovedComponents: []
  m_SourcePrefab: {fileID: 100100000, guid: d08aee4962743654c8c0199bbe76cd7d, type: 3}
--- !u!4 &6481268092193796592 stripped
Transform:
  m_CorrespondingSourceObject: {fileID: 423986, guid: d08aee4962743654c8c0199bbe76cd7d,
    type: 3}
  m_PrefabInstance: {fileID: 6481268092194163138}
  m_PrefabAsset: {fileID: 0}
--- !u!1001 &6481268092325323708
PrefabInstance:
  m_ObjectHideFlags: 0
  serializedVersion: 2
  m_Modification:
    m_TransformParent: {fileID: 6481268092363569336}
    m_Modifications:
    - target: {fileID: 118924, guid: d08aee4962743654c8c0199bbe76cd7d, type: 3}
      propertyPath: m_IsActive
      value: 0
      objectReference: {fileID: 0}
    - target: {fileID: 148220, guid: d08aee4962743654c8c0199bbe76cd7d, type: 3}
      propertyPath: m_Name
      value: Mural 6
      objectReference: {fileID: 0}
    - target: {fileID: 423986, guid: d08aee4962743654c8c0199bbe76cd7d, type: 3}
      propertyPath: m_LocalPosition.x
      value: -6.767
      objectReference: {fileID: 0}
    - target: {fileID: 423986, guid: d08aee4962743654c8c0199bbe76cd7d, type: 3}
      propertyPath: m_LocalPosition.y
      value: 2.88
      objectReference: {fileID: 0}
    - target: {fileID: 423986, guid: d08aee4962743654c8c0199bbe76cd7d, type: 3}
      propertyPath: m_LocalPosition.z
      value: -28.212
      objectReference: {fileID: 0}
    - target: {fileID: 423986, guid: d08aee4962743654c8c0199bbe76cd7d, type: 3}
      propertyPath: m_LocalRotation.x
      value: -0.70677835
      objectReference: {fileID: 0}
    - target: {fileID: 423986, guid: d08aee4962743654c8c0199bbe76cd7d, type: 3}
      propertyPath: m_LocalRotation.y
      value: 0.0000004768372
      objectReference: {fileID: 0}
    - target: {fileID: 423986, guid: d08aee4962743654c8c0199bbe76cd7d, type: 3}
      propertyPath: m_LocalRotation.z
      value: -0.70743513
      objectReference: {fileID: 0}
    - target: {fileID: 423986, guid: d08aee4962743654c8c0199bbe76cd7d, type: 3}
      propertyPath: m_LocalRotation.w
      value: 0.00000005960465
      objectReference: {fileID: 0}
    - target: {fileID: 423986, guid: d08aee4962743654c8c0199bbe76cd7d, type: 3}
      propertyPath: m_RootOrder
      value: 5
      objectReference: {fileID: 0}
    - target: {fileID: 423986, guid: d08aee4962743654c8c0199bbe76cd7d, type: 3}
      propertyPath: m_LocalScale.x
      value: 1.235901
      objectReference: {fileID: 0}
    - target: {fileID: 423986, guid: d08aee4962743654c8c0199bbe76cd7d, type: 3}
      propertyPath: m_LocalScale.y
      value: 1.235901
      objectReference: {fileID: 0}
    - target: {fileID: 423986, guid: d08aee4962743654c8c0199bbe76cd7d, type: 3}
      propertyPath: m_LocalScale.z
      value: 1.2359012
      objectReference: {fileID: 0}
    - target: {fileID: 428198, guid: d08aee4962743654c8c0199bbe76cd7d, type: 3}
      propertyPath: m_LocalPosition.z
      value: -0.001
      objectReference: {fileID: 0}
    - target: {fileID: 428198, guid: d08aee4962743654c8c0199bbe76cd7d, type: 3}
      propertyPath: m_LocalPosition.x
      value: -0.69
      objectReference: {fileID: 0}
    - target: {fileID: 466590, guid: d08aee4962743654c8c0199bbe76cd7d, type: 3}
      propertyPath: m_LocalPosition.x
      value: 0.023
      objectReference: {fileID: 0}
    - target: {fileID: 466590, guid: d08aee4962743654c8c0199bbe76cd7d, type: 3}
      propertyPath: m_LocalPosition.y
      value: 0.985
      objectReference: {fileID: 0}
    - target: {fileID: 466590, guid: d08aee4962743654c8c0199bbe76cd7d, type: 3}
      propertyPath: m_LocalPosition.z
      value: -0.012
      objectReference: {fileID: 0}
    - target: {fileID: 10856534, guid: d08aee4962743654c8c0199bbe76cd7d, type: 3}
      propertyPath: m_Lightmapping
      value: 4
      objectReference: {fileID: 0}
    - target: {fileID: 10856534, guid: d08aee4962743654c8c0199bbe76cd7d, type: 3}
      propertyPath: m_Intensity
      value: 1.38
      objectReference: {fileID: 0}
    m_RemovedComponents: []
  m_SourcePrefab: {fileID: 100100000, guid: d08aee4962743654c8c0199bbe76cd7d, type: 3}
--- !u!4 &6481268092324912014 stripped
Transform:
  m_CorrespondingSourceObject: {fileID: 423986, guid: d08aee4962743654c8c0199bbe76cd7d,
    type: 3}
  m_PrefabInstance: {fileID: 6481268092325323708}
  m_PrefabAsset: {fileID: 0}
--- !u!1001 &6481268092346053954
PrefabInstance:
  m_ObjectHideFlags: 0
  serializedVersion: 2
  m_Modification:
    m_TransformParent: {fileID: 6481268092363569336}
    m_Modifications:
    - target: {fileID: 118924, guid: d08aee4962743654c8c0199bbe76cd7d, type: 3}
      propertyPath: m_IsActive
      value: 0
      objectReference: {fileID: 0}
    - target: {fileID: 148220, guid: d08aee4962743654c8c0199bbe76cd7d, type: 3}
      propertyPath: m_Name
      value: Mural 7
      objectReference: {fileID: 0}
    - target: {fileID: 423986, guid: d08aee4962743654c8c0199bbe76cd7d, type: 3}
      propertyPath: m_LocalPosition.x
      value: 6.1832175
      objectReference: {fileID: 0}
    - target: {fileID: 423986, guid: d08aee4962743654c8c0199bbe76cd7d, type: 3}
      propertyPath: m_LocalPosition.y
      value: 2.8796525
      objectReference: {fileID: 0}
    - target: {fileID: 423986, guid: d08aee4962743654c8c0199bbe76cd7d, type: 3}
      propertyPath: m_LocalPosition.z
      value: -27.392519
      objectReference: {fileID: 0}
    - target: {fileID: 423986, guid: d08aee4962743654c8c0199bbe76cd7d, type: 3}
      propertyPath: m_LocalRotation.x
      value: -0.707442
      objectReference: {fileID: 0}
    - target: {fileID: 423986, guid: d08aee4962743654c8c0199bbe76cd7d, type: 3}
      propertyPath: m_LocalRotation.y
      value: 0.00000005960935
      objectReference: {fileID: 0}
    - target: {fileID: 423986, guid: d08aee4962743654c8c0199bbe76cd7d, type: 3}
      propertyPath: m_LocalRotation.z
      value: 0.7067715
      objectReference: {fileID: 0}
    - target: {fileID: 423986, guid: d08aee4962743654c8c0199bbe76cd7d, type: 3}
      propertyPath: m_LocalRotation.w
      value: -0.00000047683656
      objectReference: {fileID: 0}
    - target: {fileID: 423986, guid: d08aee4962743654c8c0199bbe76cd7d, type: 3}
      propertyPath: m_RootOrder
      value: 8
      objectReference: {fileID: 0}
    - target: {fileID: 423986, guid: d08aee4962743654c8c0199bbe76cd7d, type: 3}
      propertyPath: m_LocalScale.x
      value: 1.235901
      objectReference: {fileID: 0}
    - target: {fileID: 423986, guid: d08aee4962743654c8c0199bbe76cd7d, type: 3}
      propertyPath: m_LocalScale.y
      value: 1.2359009
      objectReference: {fileID: 0}
    - target: {fileID: 423986, guid: d08aee4962743654c8c0199bbe76cd7d, type: 3}
      propertyPath: m_LocalScale.z
      value: 1.2359012
      objectReference: {fileID: 0}
    - target: {fileID: 10856534, guid: d08aee4962743654c8c0199bbe76cd7d, type: 3}
      propertyPath: m_Lightmapping
      value: 4
      objectReference: {fileID: 0}
    - target: {fileID: 10856534, guid: d08aee4962743654c8c0199bbe76cd7d, type: 3}
      propertyPath: m_Intensity
      value: 1.38
      objectReference: {fileID: 0}
    - target: {fileID: 12352978, guid: d08aee4962743654c8c0199bbe76cd7d, type: 3}
      propertyPath: m_FadeSpeed
      value: 6
      objectReference: {fileID: 0}
    m_RemovedComponents: []
  m_SourcePrefab: {fileID: 100100000, guid: d08aee4962743654c8c0199bbe76cd7d, type: 3}
--- !u!4 &6481268092345929072 stripped
Transform:
  m_CorrespondingSourceObject: {fileID: 423986, guid: d08aee4962743654c8c0199bbe76cd7d,
    type: 3}
  m_PrefabInstance: {fileID: 6481268092346053954}
  m_PrefabAsset: {fileID: 0}
--- !u!1001 &6481268092509015750
PrefabInstance:
  m_ObjectHideFlags: 0
  serializedVersion: 2
  m_Modification:
    m_TransformParent: {fileID: 6481268092363569336}
    m_Modifications:
    - target: {fileID: 148220, guid: d08aee4962743654c8c0199bbe76cd7d, type: 3}
      propertyPath: m_Name
      value: Mural 12 (2)
      objectReference: {fileID: 0}
    - target: {fileID: 423986, guid: d08aee4962743654c8c0199bbe76cd7d, type: 3}
      propertyPath: m_LocalPosition.x
      value: -4.47
      objectReference: {fileID: 0}
    - target: {fileID: 423986, guid: d08aee4962743654c8c0199bbe76cd7d, type: 3}
      propertyPath: m_LocalPosition.y
      value: 2.88
      objectReference: {fileID: 0}
    - target: {fileID: 423986, guid: d08aee4962743654c8c0199bbe76cd7d, type: 3}
      propertyPath: m_LocalPosition.z
      value: 2.71
      objectReference: {fileID: 0}
    - target: {fileID: 423986, guid: d08aee4962743654c8c0199bbe76cd7d, type: 3}
      propertyPath: m_LocalRotation.x
      value: 0.9999999
      objectReference: {fileID: 0}
    - target: {fileID: 423986, guid: d08aee4962743654c8c0199bbe76cd7d, type: 3}
      propertyPath: m_LocalRotation.y
      value: -0.00000029501314
      objectReference: {fileID: 0}
    - target: {fileID: 423986, guid: d08aee4962743654c8c0199bbe76cd7d, type: 3}
      propertyPath: m_LocalRotation.z
      value: 0.0005032122
      objectReference: {fileID: 0}
    - target: {fileID: 423986, guid: d08aee4962743654c8c0199bbe76cd7d, type: 3}
      propertyPath: m_LocalRotation.w
      value: -0.00000037933324
      objectReference: {fileID: 0}
    - target: {fileID: 423986, guid: d08aee4962743654c8c0199bbe76cd7d, type: 3}
      propertyPath: m_RootOrder
      value: 13
      objectReference: {fileID: 0}
    - target: {fileID: 446570, guid: d08aee4962743654c8c0199bbe76cd7d, type: 3}
      propertyPath: m_LocalPosition.x
      value: -0.71
      objectReference: {fileID: 0}
    - target: {fileID: 466590, guid: d08aee4962743654c8c0199bbe76cd7d, type: 3}
      propertyPath: m_LocalPosition.z
      value: -0.011
      objectReference: {fileID: 0}
    - target: {fileID: 10856534, guid: d08aee4962743654c8c0199bbe76cd7d, type: 3}
      propertyPath: m_Lightmapping
      value: 4
      objectReference: {fileID: 0}
    - target: {fileID: 10856534, guid: d08aee4962743654c8c0199bbe76cd7d, type: 3}
      propertyPath: m_Intensity
      value: 1.38
      objectReference: {fileID: 0}
    m_RemovedComponents: []
  m_SourcePrefab: {fileID: 100100000, guid: d08aee4962743654c8c0199bbe76cd7d, type: 3}
--- !u!4 &6481268092509140724 stripped
Transform:
  m_CorrespondingSourceObject: {fileID: 423986, guid: d08aee4962743654c8c0199bbe76cd7d,
    type: 3}
  m_PrefabInstance: {fileID: 6481268092509015750}
  m_PrefabAsset: {fileID: 0}
--- !u!1001 &6481268092642322460
PrefabInstance:
  m_ObjectHideFlags: 0
  serializedVersion: 2
  m_Modification:
    m_TransformParent: {fileID: 6481268092363569336}
    m_Modifications:
    - target: {fileID: 118924, guid: d08aee4962743654c8c0199bbe76cd7d, type: 3}
      propertyPath: m_IsActive
      value: 0
      objectReference: {fileID: 0}
    - target: {fileID: 148220, guid: d08aee4962743654c8c0199bbe76cd7d, type: 3}
      propertyPath: m_Name
      value: Mural 5
      objectReference: {fileID: 0}
    - target: {fileID: 423986, guid: d08aee4962743654c8c0199bbe76cd7d, type: 3}
      propertyPath: m_LocalPosition.x
      value: -6.671391
      objectReference: {fileID: 0}
    - target: {fileID: 423986, guid: d08aee4962743654c8c0199bbe76cd7d, type: 3}
      propertyPath: m_LocalPosition.y
      value: 2.8796525
      objectReference: {fileID: 0}
    - target: {fileID: 423986, guid: d08aee4962743654c8c0199bbe76cd7d, type: 3}
      propertyPath: m_LocalPosition.z
      value: -18.235727
      objectReference: {fileID: 0}
    - target: {fileID: 423986, guid: d08aee4962743654c8c0199bbe76cd7d, type: 3}
      propertyPath: m_LocalRotation.x
      value: -0.70677835
      objectReference: {fileID: 0}
    - target: {fileID: 423986, guid: d08aee4962743654c8c0199bbe76cd7d, type: 3}
      propertyPath: m_LocalRotation.y
      value: 0.0000004768372
      objectReference: {fileID: 0}
    - target: {fileID: 423986, guid: d08aee4962743654c8c0199bbe76cd7d, type: 3}
      propertyPath: m_LocalRotation.z
      value: -0.70743513
      objectReference: {fileID: 0}
    - target: {fileID: 423986, guid: d08aee4962743654c8c0199bbe76cd7d, type: 3}
      propertyPath: m_LocalRotation.w
      value: 0.00000005960465
      objectReference: {fileID: 0}
    - target: {fileID: 423986, guid: d08aee4962743654c8c0199bbe76cd7d, type: 3}
      propertyPath: m_RootOrder
      value: 3
      objectReference: {fileID: 0}
    - target: {fileID: 423986, guid: d08aee4962743654c8c0199bbe76cd7d, type: 3}
      propertyPath: m_LocalScale.x
      value: 1.235901
      objectReference: {fileID: 0}
    - target: {fileID: 423986, guid: d08aee4962743654c8c0199bbe76cd7d, type: 3}
      propertyPath: m_LocalScale.y
      value: 1.235901
      objectReference: {fileID: 0}
    - target: {fileID: 423986, guid: d08aee4962743654c8c0199bbe76cd7d, type: 3}
      propertyPath: m_LocalScale.z
      value: 1.2359012
      objectReference: {fileID: 0}
    - target: {fileID: 428198, guid: d08aee4962743654c8c0199bbe76cd7d, type: 3}
      propertyPath: m_LocalPosition.z
      value: -0.001
      objectReference: {fileID: 0}
    - target: {fileID: 428198, guid: d08aee4962743654c8c0199bbe76cd7d, type: 3}
      propertyPath: m_LocalPosition.x
      value: 1.36
      objectReference: {fileID: 0}
    - target: {fileID: 466590, guid: d08aee4962743654c8c0199bbe76cd7d, type: 3}
      propertyPath: m_LocalPosition.x
      value: 0.023
      objectReference: {fileID: 0}
    - target: {fileID: 466590, guid: d08aee4962743654c8c0199bbe76cd7d, type: 3}
      propertyPath: m_LocalPosition.y
      value: 0.985
      objectReference: {fileID: 0}
    - target: {fileID: 466590, guid: d08aee4962743654c8c0199bbe76cd7d, type: 3}
      propertyPath: m_LocalPosition.z
      value: -0.012
      objectReference: {fileID: 0}
    - target: {fileID: 10856534, guid: d08aee4962743654c8c0199bbe76cd7d, type: 3}
      propertyPath: m_Lightmapping
      value: 4
      objectReference: {fileID: 0}
    - target: {fileID: 10856534, guid: d08aee4962743654c8c0199bbe76cd7d, type: 3}
      propertyPath: m_Intensity
      value: 1.38
      objectReference: {fileID: 0}
    m_RemovedComponents: []
  m_SourcePrefab: {fileID: 100100000, guid: d08aee4962743654c8c0199bbe76cd7d, type: 3}
--- !u!4 &6481268092642168878 stripped
Transform:
  m_CorrespondingSourceObject: {fileID: 423986, guid: d08aee4962743654c8c0199bbe76cd7d,
    type: 3}
  m_PrefabInstance: {fileID: 6481268092642322460}
  m_PrefabAsset: {fileID: 0}
--- !u!1001 &6481268092689459947
PrefabInstance:
  m_ObjectHideFlags: 0
  serializedVersion: 2
  m_Modification:
    m_TransformParent: {fileID: 6481268092363569336}
    m_Modifications:
    - target: {fileID: 118924, guid: d08aee4962743654c8c0199bbe76cd7d, type: 3}
      propertyPath: m_IsActive
      value: 0
      objectReference: {fileID: 0}
    - target: {fileID: 148220, guid: d08aee4962743654c8c0199bbe76cd7d, type: 3}
      propertyPath: m_Name
      value: Mural 9
      objectReference: {fileID: 0}
    - target: {fileID: 148220, guid: d08aee4962743654c8c0199bbe76cd7d, type: 3}
      propertyPath: m_IsActive
      value: 1
      objectReference: {fileID: 0}
    - target: {fileID: 423986, guid: d08aee4962743654c8c0199bbe76cd7d, type: 3}
      propertyPath: m_LocalPosition.x
      value: 6.1832175
      objectReference: {fileID: 0}
    - target: {fileID: 423986, guid: d08aee4962743654c8c0199bbe76cd7d, type: 3}
      propertyPath: m_LocalPosition.y
      value: 2.8796525
      objectReference: {fileID: 0}
    - target: {fileID: 423986, guid: d08aee4962743654c8c0199bbe76cd7d, type: 3}
      propertyPath: m_LocalPosition.z
      value: -8.926921
      objectReference: {fileID: 0}
    - target: {fileID: 423986, guid: d08aee4962743654c8c0199bbe76cd7d, type: 3}
      propertyPath: m_LocalRotation.x
      value: -0.707442
      objectReference: {fileID: 0}
    - target: {fileID: 423986, guid: d08aee4962743654c8c0199bbe76cd7d, type: 3}
      propertyPath: m_LocalRotation.y
      value: 0.00000005960935
      objectReference: {fileID: 0}
    - target: {fileID: 423986, guid: d08aee4962743654c8c0199bbe76cd7d, type: 3}
      propertyPath: m_LocalRotation.z
      value: 0.7067715
      objectReference: {fileID: 0}
    - target: {fileID: 423986, guid: d08aee4962743654c8c0199bbe76cd7d, type: 3}
      propertyPath: m_LocalRotation.w
      value: -0.00000047683656
      objectReference: {fileID: 0}
    - target: {fileID: 423986, guid: d08aee4962743654c8c0199bbe76cd7d, type: 3}
      propertyPath: m_RootOrder
      value: 6
      objectReference: {fileID: 0}
    - target: {fileID: 423986, guid: d08aee4962743654c8c0199bbe76cd7d, type: 3}
      propertyPath: m_LocalScale.x
      value: 1.235901
      objectReference: {fileID: 0}
    - target: {fileID: 423986, guid: d08aee4962743654c8c0199bbe76cd7d, type: 3}
      propertyPath: m_LocalScale.y
      value: 1.2359009
      objectReference: {fileID: 0}
    - target: {fileID: 423986, guid: d08aee4962743654c8c0199bbe76cd7d, type: 3}
      propertyPath: m_LocalScale.z
      value: 1.2359012
      objectReference: {fileID: 0}
    - target: {fileID: 428198, guid: d08aee4962743654c8c0199bbe76cd7d, type: 3}
      propertyPath: m_LocalPosition.z
      value: -0.001
      objectReference: {fileID: 0}
    - target: {fileID: 428198, guid: d08aee4962743654c8c0199bbe76cd7d, type: 3}
      propertyPath: m_LocalPosition.x
      value: -0.69
      objectReference: {fileID: 0}
    - target: {fileID: 466590, guid: d08aee4962743654c8c0199bbe76cd7d, type: 3}
      propertyPath: m_LocalPosition.x
      value: 0.023
      objectReference: {fileID: 0}
    - target: {fileID: 466590, guid: d08aee4962743654c8c0199bbe76cd7d, type: 3}
      propertyPath: m_LocalPosition.y
      value: 0.985
      objectReference: {fileID: 0}
    - target: {fileID: 466590, guid: d08aee4962743654c8c0199bbe76cd7d, type: 3}
      propertyPath: m_LocalPosition.z
      value: -0.012
      objectReference: {fileID: 0}
    - target: {fileID: 10856534, guid: d08aee4962743654c8c0199bbe76cd7d, type: 3}
      propertyPath: m_Lightmapping
      value: 4
      objectReference: {fileID: 0}
    - target: {fileID: 10856534, guid: d08aee4962743654c8c0199bbe76cd7d, type: 3}
      propertyPath: m_Intensity
      value: 1.38
      objectReference: {fileID: 0}
    m_RemovedComponents: []
  m_SourcePrefab: {fileID: 100100000, guid: d08aee4962743654c8c0199bbe76cd7d, type: 3}
--- !u!4 &6481268092689339097 stripped
Transform:
  m_CorrespondingSourceObject: {fileID: 423986, guid: d08aee4962743654c8c0199bbe76cd7d,
    type: 3}
  m_PrefabInstance: {fileID: 6481268092689459947}
  m_PrefabAsset: {fileID: 0}
--- !u!1001 &6481268092704517169
PrefabInstance:
  m_ObjectHideFlags: 0
  serializedVersion: 2
  m_Modification:
    m_TransformParent: {fileID: 6481268092363569336}
    m_Modifications:
    - target: {fileID: 118924, guid: d08aee4962743654c8c0199bbe76cd7d, type: 3}
      propertyPath: m_IsActive
      value: 0
      objectReference: {fileID: 0}
    - target: {fileID: 148220, guid: d08aee4962743654c8c0199bbe76cd7d, type: 3}
      propertyPath: m_Name
      value: Mural
      objectReference: {fileID: 0}
    - target: {fileID: 169366, guid: d08aee4962743654c8c0199bbe76cd7d, type: 3}
      propertyPath: m_IsActive
      value: 1
      objectReference: {fileID: 0}
    - target: {fileID: 423986, guid: d08aee4962743654c8c0199bbe76cd7d, type: 3}
      propertyPath: m_LocalPosition.x
      value: -0.601
      objectReference: {fileID: 0}
    - target: {fileID: 423986, guid: d08aee4962743654c8c0199bbe76cd7d, type: 3}
      propertyPath: m_LocalPosition.y
      value: 2.88
      objectReference: {fileID: 0}
    - target: {fileID: 423986, guid: d08aee4962743654c8c0199bbe76cd7d, type: 3}
      propertyPath: m_LocalPosition.z
      value: -8.928
      objectReference: {fileID: 0}
    - target: {fileID: 423986, guid: d08aee4962743654c8c0199bbe76cd7d, type: 3}
      propertyPath: m_LocalRotation.x
      value: -0.707442
      objectReference: {fileID: 0}
    - target: {fileID: 423986, guid: d08aee4962743654c8c0199bbe76cd7d, type: 3}
      propertyPath: m_LocalRotation.y
      value: 0.00000005960935
      objectReference: {fileID: 0}
    - target: {fileID: 423986, guid: d08aee4962743654c8c0199bbe76cd7d, type: 3}
      propertyPath: m_LocalRotation.z
      value: 0.7067715
      objectReference: {fileID: 0}
    - target: {fileID: 423986, guid: d08aee4962743654c8c0199bbe76cd7d, type: 3}
      propertyPath: m_LocalRotation.w
      value: -0.00000047683656
      objectReference: {fileID: 0}
    - target: {fileID: 423986, guid: d08aee4962743654c8c0199bbe76cd7d, type: 3}
      propertyPath: m_RootOrder
      value: 0
      objectReference: {fileID: 0}
    - target: {fileID: 423986, guid: d08aee4962743654c8c0199bbe76cd7d, type: 3}
      propertyPath: m_LocalScale.x
      value: 1.235901
      objectReference: {fileID: 0}
    - target: {fileID: 423986, guid: d08aee4962743654c8c0199bbe76cd7d, type: 3}
      propertyPath: m_LocalScale.y
      value: 1.2359009
      objectReference: {fileID: 0}
    - target: {fileID: 423986, guid: d08aee4962743654c8c0199bbe76cd7d, type: 3}
      propertyPath: m_LocalScale.z
      value: 1.2359012
      objectReference: {fileID: 0}
    - target: {fileID: 10856534, guid: d08aee4962743654c8c0199bbe76cd7d, type: 3}
      propertyPath: m_Lightmapping
      value: 4
      objectReference: {fileID: 0}
    - target: {fileID: 10856534, guid: d08aee4962743654c8c0199bbe76cd7d, type: 3}
      propertyPath: m_Intensity
      value: 1.38
      objectReference: {fileID: 0}
    m_RemovedComponents: []
  m_SourcePrefab: {fileID: 100100000, guid: d08aee4962743654c8c0199bbe76cd7d, type: 3}
--- !u!4 &6481268092704887811 stripped
Transform:
  m_CorrespondingSourceObject: {fileID: 423986, guid: d08aee4962743654c8c0199bbe76cd7d,
    type: 3}
  m_PrefabInstance: {fileID: 6481268092704517169}
  m_PrefabAsset: {fileID: 0}
--- !u!1001 &6481268092772820323
PrefabInstance:
  m_ObjectHideFlags: 0
  serializedVersion: 2
  m_Modification:
    m_TransformParent: {fileID: 6481268092363569336}
    m_Modifications:
    - target: {fileID: 118924, guid: d08aee4962743654c8c0199bbe76cd7d, type: 3}
      propertyPath: m_IsActive
      value: 0
      objectReference: {fileID: 0}
    - target: {fileID: 148220, guid: d08aee4962743654c8c0199bbe76cd7d, type: 3}
      propertyPath: m_Name
      value: Mural 3
      objectReference: {fileID: 0}
    - target: {fileID: 423986, guid: d08aee4962743654c8c0199bbe76cd7d, type: 3}
      propertyPath: m_LocalPosition.x
      value: -6.712176
      objectReference: {fileID: 0}
    - target: {fileID: 423986, guid: d08aee4962743654c8c0199bbe76cd7d, type: 3}
      propertyPath: m_LocalPosition.y
      value: 2.8796525
      objectReference: {fileID: 0}
    - target: {fileID: 423986, guid: d08aee4962743654c8c0199bbe76cd7d, type: 3}
      propertyPath: m_LocalPosition.z
      value: -0.25089625
      objectReference: {fileID: 0}
    - target: {fileID: 423986, guid: d08aee4962743654c8c0199bbe76cd7d, type: 3}
      propertyPath: m_LocalRotation.x
      value: -0.70677835
      objectReference: {fileID: 0}
    - target: {fileID: 423986, guid: d08aee4962743654c8c0199bbe76cd7d, type: 3}
      propertyPath: m_LocalRotation.y
      value: 0.0000004768372
      objectReference: {fileID: 0}
    - target: {fileID: 423986, guid: d08aee4962743654c8c0199bbe76cd7d, type: 3}
      propertyPath: m_LocalRotation.z
      value: -0.70743513
      objectReference: {fileID: 0}
    - target: {fileID: 423986, guid: d08aee4962743654c8c0199bbe76cd7d, type: 3}
      propertyPath: m_LocalRotation.w
      value: 0.00000005960465
      objectReference: {fileID: 0}
    - target: {fileID: 423986, guid: d08aee4962743654c8c0199bbe76cd7d, type: 3}
      propertyPath: m_RootOrder
      value: 1
      objectReference: {fileID: 0}
    - target: {fileID: 423986, guid: d08aee4962743654c8c0199bbe76cd7d, type: 3}
      propertyPath: m_LocalScale.x
      value: 1.235901
      objectReference: {fileID: 0}
    - target: {fileID: 423986, guid: d08aee4962743654c8c0199bbe76cd7d, type: 3}
      propertyPath: m_LocalScale.y
      value: 1.235901
      objectReference: {fileID: 0}
    - target: {fileID: 423986, guid: d08aee4962743654c8c0199bbe76cd7d, type: 3}
      propertyPath: m_LocalScale.z
      value: 1.2359012
      objectReference: {fileID: 0}
    - target: {fileID: 10856534, guid: d08aee4962743654c8c0199bbe76cd7d, type: 3}
      propertyPath: m_Lightmapping
      value: 4
      objectReference: {fileID: 0}
    - target: {fileID: 10856534, guid: d08aee4962743654c8c0199bbe76cd7d, type: 3}
      propertyPath: m_Intensity
      value: 1.38
      objectReference: {fileID: 0}
    m_RemovedComponents: []
  m_SourcePrefab: {fileID: 100100000, guid: d08aee4962743654c8c0199bbe76cd7d, type: 3}
--- !u!4 &6481268092772703569 stripped
Transform:
  m_CorrespondingSourceObject: {fileID: 423986, guid: d08aee4962743654c8c0199bbe76cd7d,
    type: 3}
  m_PrefabInstance: {fileID: 6481268092772820323}
  m_PrefabAsset: {fileID: 0}
--- !u!1001 &6481268092814966376
PrefabInstance:
  m_ObjectHideFlags: 0
  serializedVersion: 2
  m_Modification:
    m_TransformParent: {fileID: 6481268092363569336}
    m_Modifications:
    - target: {fileID: 118924, guid: d08aee4962743654c8c0199bbe76cd7d, type: 3}
      propertyPath: m_IsActive
      value: 0
      objectReference: {fileID: 0}
    - target: {fileID: 148220, guid: d08aee4962743654c8c0199bbe76cd7d, type: 3}
      propertyPath: m_Name
      value: Mural 12
      objectReference: {fileID: 0}
    - target: {fileID: 148220, guid: d08aee4962743654c8c0199bbe76cd7d, type: 3}
      propertyPath: m_IsActive
      value: 1
      objectReference: {fileID: 0}
    - target: {fileID: 423986, guid: d08aee4962743654c8c0199bbe76cd7d, type: 3}
      propertyPath: m_LocalPosition.x
      value: 0.060563315
      objectReference: {fileID: 0}
    - target: {fileID: 423986, guid: d08aee4962743654c8c0199bbe76cd7d, type: 3}
      propertyPath: m_LocalPosition.y
      value: 2.8796525
      objectReference: {fileID: 0}
    - target: {fileID: 423986, guid: d08aee4962743654c8c0199bbe76cd7d, type: 3}
      propertyPath: m_LocalPosition.z
      value: -18.309881
      objectReference: {fileID: 0}
    - target: {fileID: 423986, guid: d08aee4962743654c8c0199bbe76cd7d, type: 3}
      propertyPath: m_LocalRotation.x
      value: 0.70675087
      objectReference: {fileID: 0}
    - target: {fileID: 423986, guid: d08aee4962743654c8c0199bbe76cd7d, type: 3}
      propertyPath: m_LocalRotation.y
      value: -0.00000047683486
      objectReference: {fileID: 0}
    - target: {fileID: 423986, guid: d08aee4962743654c8c0199bbe76cd7d, type: 3}
      propertyPath: m_LocalRotation.z
      value: 0.70746255
      objectReference: {fileID: 0}
    - target: {fileID: 423986, guid: d08aee4962743654c8c0199bbe76cd7d, type: 3}
      propertyPath: m_LocalRotation.w
      value: -0.000000059623304
      objectReference: {fileID: 0}
    - target: {fileID: 423986, guid: d08aee4962743654c8c0199bbe76cd7d, type: 3}
      propertyPath: m_RootOrder
      value: 11
      objectReference: {fileID: 0}
    - target: {fileID: 423986, guid: d08aee4962743654c8c0199bbe76cd7d, type: 3}
      propertyPath: m_LocalScale.x
      value: 1.2359009
      objectReference: {fileID: 0}
    - target: {fileID: 423986, guid: d08aee4962743654c8c0199bbe76cd7d, type: 3}
      propertyPath: m_LocalScale.y
      value: 1.235901
      objectReference: {fileID: 0}
    - target: {fileID: 423986, guid: d08aee4962743654c8c0199bbe76cd7d, type: 3}
      propertyPath: m_LocalScale.z
      value: 1.2359012
      objectReference: {fileID: 0}
    - target: {fileID: 428198, guid: d08aee4962743654c8c0199bbe76cd7d, type: 3}
      propertyPath: m_LocalPosition.z
      value: -0.001
      objectReference: {fileID: 0}
    - target: {fileID: 428198, guid: d08aee4962743654c8c0199bbe76cd7d, type: 3}
      propertyPath: m_LocalPosition.x
      value: -0.69
      objectReference: {fileID: 0}
    - target: {fileID: 466590, guid: d08aee4962743654c8c0199bbe76cd7d, type: 3}
      propertyPath: m_LocalPosition.x
      value: 0.023
      objectReference: {fileID: 0}
    - target: {fileID: 466590, guid: d08aee4962743654c8c0199bbe76cd7d, type: 3}
      propertyPath: m_LocalPosition.y
      value: 0.985
      objectReference: {fileID: 0}
    - target: {fileID: 466590, guid: d08aee4962743654c8c0199bbe76cd7d, type: 3}
      propertyPath: m_LocalPosition.z
      value: -0.012
      objectReference: {fileID: 0}
    - target: {fileID: 10856534, guid: d08aee4962743654c8c0199bbe76cd7d, type: 3}
      propertyPath: m_Lightmapping
      value: 4
      objectReference: {fileID: 0}
    - target: {fileID: 10856534, guid: d08aee4962743654c8c0199bbe76cd7d, type: 3}
      propertyPath: m_Intensity
      value: 1.38
      objectReference: {fileID: 0}
    m_RemovedComponents: []
  m_SourcePrefab: {fileID: 100100000, guid: d08aee4962743654c8c0199bbe76cd7d, type: 3}
--- !u!4 &6481268092814575194 stripped
Transform:
  m_CorrespondingSourceObject: {fileID: 423986, guid: d08aee4962743654c8c0199bbe76cd7d,
    type: 3}
  m_PrefabInstance: {fileID: 6481268092814966376}
  m_PrefabAsset: {fileID: 0}
--- !u!1001 &6481268092958211663
PrefabInstance:
  m_ObjectHideFlags: 0
  serializedVersion: 2
  m_Modification:
    m_TransformParent: {fileID: 6481268092363569336}
    m_Modifications:
    - target: {fileID: 118924, guid: d08aee4962743654c8c0199bbe76cd7d, type: 3}
      propertyPath: m_IsActive
      value: 0
      objectReference: {fileID: 0}
    - target: {fileID: 148220, guid: d08aee4962743654c8c0199bbe76cd7d, type: 3}
      propertyPath: m_Name
      value: Mural 12 (3)
      objectReference: {fileID: 0}
    - target: {fileID: 148220, guid: d08aee4962743654c8c0199bbe76cd7d, type: 3}
      propertyPath: m_IsActive
      value: 1
      objectReference: {fileID: 0}
    - target: {fileID: 423986, guid: d08aee4962743654c8c0199bbe76cd7d, type: 3}
      propertyPath: m_LocalPosition.x
      value: -4.295
      objectReference: {fileID: 0}
    - target: {fileID: 423986, guid: d08aee4962743654c8c0199bbe76cd7d, type: 3}
      propertyPath: m_LocalPosition.y
      value: 2.88
      objectReference: {fileID: 0}
    - target: {fileID: 423986, guid: d08aee4962743654c8c0199bbe76cd7d, type: 3}
      propertyPath: m_LocalPosition.z
      value: -31.391
      objectReference: {fileID: 0}
    - target: {fileID: 423986, guid: d08aee4962743654c8c0199bbe76cd7d, type: 3}
      propertyPath: m_LocalRotation.x
      value: 0.0005037971
      objectReference: {fileID: 0}
    - target: {fileID: 423986, guid: d08aee4962743654c8c0199bbe76cd7d, type: 3}
      propertyPath: m_LocalRotation.y
      value: 0.00000037933304
      objectReference: {fileID: 0}
    - target: {fileID: 423986, guid: d08aee4962743654c8c0199bbe76cd7d, type: 3}
      propertyPath: m_LocalRotation.z
      value: -0.9999999
      objectReference: {fileID: 0}
    - target: {fileID: 423986, guid: d08aee4962743654c8c0199bbe76cd7d, type: 3}
      propertyPath: m_LocalRotation.w
      value: -0.0000002950134
      objectReference: {fileID: 0}
    - target: {fileID: 423986, guid: d08aee4962743654c8c0199bbe76cd7d, type: 3}
      propertyPath: m_RootOrder
      value: 14
      objectReference: {fileID: 0}
    - target: {fileID: 423986, guid: d08aee4962743654c8c0199bbe76cd7d, type: 3}
      propertyPath: m_LocalScale.x
      value: 1.2359011
      objectReference: {fileID: 0}
    - target: {fileID: 423986, guid: d08aee4962743654c8c0199bbe76cd7d, type: 3}
      propertyPath: m_LocalScale.y
      value: 1.235901
      objectReference: {fileID: 0}
    - target: {fileID: 423986, guid: d08aee4962743654c8c0199bbe76cd7d, type: 3}
      propertyPath: m_LocalScale.z
      value: 1.2359016
      objectReference: {fileID: 0}
    - target: {fileID: 428198, guid: d08aee4962743654c8c0199bbe76cd7d, type: 3}
      propertyPath: m_LocalPosition.z
      value: -0.001
      objectReference: {fileID: 0}
    - target: {fileID: 428198, guid: d08aee4962743654c8c0199bbe76cd7d, type: 3}
      propertyPath: m_LocalPosition.x
      value: -0.69
      objectReference: {fileID: 0}
    - target: {fileID: 446570, guid: d08aee4962743654c8c0199bbe76cd7d, type: 3}
      propertyPath: m_LocalPosition.x
      value: -1.05
      objectReference: {fileID: 0}
    - target: {fileID: 466590, guid: d08aee4962743654c8c0199bbe76cd7d, type: 3}
      propertyPath: m_LocalPosition.x
      value: 0.023
      objectReference: {fileID: 0}
    - target: {fileID: 466590, guid: d08aee4962743654c8c0199bbe76cd7d, type: 3}
      propertyPath: m_LocalPosition.y
      value: 0.985
      objectReference: {fileID: 0}
    - target: {fileID: 466590, guid: d08aee4962743654c8c0199bbe76cd7d, type: 3}
      propertyPath: m_LocalPosition.z
      value: 0.004
      objectReference: {fileID: 0}
    - target: {fileID: 10856534, guid: d08aee4962743654c8c0199bbe76cd7d, type: 3}
      propertyPath: m_Lightmapping
      value: 4
      objectReference: {fileID: 0}
    - target: {fileID: 10856534, guid: d08aee4962743654c8c0199bbe76cd7d, type: 3}
      propertyPath: m_Intensity
      value: 1.38
      objectReference: {fileID: 0}
    m_RemovedComponents: []
  m_SourcePrefab: {fileID: 100100000, guid: d08aee4962743654c8c0199bbe76cd7d, type: 3}
--- !u!4 &6481268092958574205 stripped
Transform:
  m_CorrespondingSourceObject: {fileID: 423986, guid: d08aee4962743654c8c0199bbe76cd7d,
    type: 3}
  m_PrefabInstance: {fileID: 6481268092958211663}
  m_PrefabAsset: {fileID: 0}
--- !u!1001 &6481268093146375704
PrefabInstance:
  m_ObjectHideFlags: 0
  serializedVersion: 2
  m_Modification:
    m_TransformParent: {fileID: 6481268092363569336}
    m_Modifications:
    - target: {fileID: 118924, guid: d08aee4962743654c8c0199bbe76cd7d, type: 3}
      propertyPath: m_IsActive
      value: 0
      objectReference: {fileID: 0}
    - target: {fileID: 148220, guid: d08aee4962743654c8c0199bbe76cd7d, type: 3}
      propertyPath: m_Name
      value: Mural 11
      objectReference: {fileID: 0}
    - target: {fileID: 423986, guid: d08aee4962743654c8c0199bbe76cd7d, type: 3}
      propertyPath: m_LocalPosition.x
      value: 0.08
      objectReference: {fileID: 0}
    - target: {fileID: 423986, guid: d08aee4962743654c8c0199bbe76cd7d, type: 3}
      propertyPath: m_LocalPosition.y
      value: 2.88
      objectReference: {fileID: 0}
    - target: {fileID: 423986, guid: d08aee4962743654c8c0199bbe76cd7d, type: 3}
      propertyPath: m_LocalPosition.z
      value: -9.201
      objectReference: {fileID: 0}
    - target: {fileID: 423986, guid: d08aee4962743654c8c0199bbe76cd7d, type: 3}
      propertyPath: m_LocalRotation.x
      value: 0.70675087
      objectReference: {fileID: 0}
    - target: {fileID: 423986, guid: d08aee4962743654c8c0199bbe76cd7d, type: 3}
      propertyPath: m_LocalRotation.y
      value: -0.00000047683486
      objectReference: {fileID: 0}
    - target: {fileID: 423986, guid: d08aee4962743654c8c0199bbe76cd7d, type: 3}
      propertyPath: m_LocalRotation.z
      value: 0.70746255
      objectReference: {fileID: 0}
    - target: {fileID: 423986, guid: d08aee4962743654c8c0199bbe76cd7d, type: 3}
      propertyPath: m_LocalRotation.w
      value: -0.000000059623304
      objectReference: {fileID: 0}
    - target: {fileID: 423986, guid: d08aee4962743654c8c0199bbe76cd7d, type: 3}
      propertyPath: m_RootOrder
      value: 10
      objectReference: {fileID: 0}
    - target: {fileID: 423986, guid: d08aee4962743654c8c0199bbe76cd7d, type: 3}
      propertyPath: m_LocalScale.x
      value: 1.2359009
      objectReference: {fileID: 0}
    - target: {fileID: 423986, guid: d08aee4962743654c8c0199bbe76cd7d, type: 3}
      propertyPath: m_LocalScale.y
      value: 1.235901
      objectReference: {fileID: 0}
    - target: {fileID: 423986, guid: d08aee4962743654c8c0199bbe76cd7d, type: 3}
      propertyPath: m_LocalScale.z
      value: 1.2359012
      objectReference: {fileID: 0}
    - target: {fileID: 10856534, guid: d08aee4962743654c8c0199bbe76cd7d, type: 3}
      propertyPath: m_Lightmapping
      value: 4
      objectReference: {fileID: 0}
    - target: {fileID: 10856534, guid: d08aee4962743654c8c0199bbe76cd7d, type: 3}
      propertyPath: m_Intensity
      value: 1.38
      objectReference: {fileID: 0}
    m_RemovedComponents: []
  m_SourcePrefab: {fileID: 100100000, guid: d08aee4962743654c8c0199bbe76cd7d, type: 3}
--- !u!4 &6481268093146783274 stripped
Transform:
  m_CorrespondingSourceObject: {fileID: 423986, guid: d08aee4962743654c8c0199bbe76cd7d,
    type: 3}
  m_PrefabInstance: {fileID: 6481268093146375704}
  m_PrefabAsset: {fileID: 0}
--- !u!1001 &6481268093544923195
PrefabInstance:
  m_ObjectHideFlags: 0
  serializedVersion: 2
  m_Modification:
    m_TransformParent: {fileID: 6481268092363569336}
    m_Modifications:
    - target: {fileID: 118924, guid: d08aee4962743654c8c0199bbe76cd7d, type: 3}
      propertyPath: m_IsActive
      value: 0
      objectReference: {fileID: 0}
    - target: {fileID: 148220, guid: d08aee4962743654c8c0199bbe76cd7d, type: 3}
      propertyPath: m_Name
      value: Mural 2
      objectReference: {fileID: 0}
    - target: {fileID: 423986, guid: d08aee4962743654c8c0199bbe76cd7d, type: 3}
      propertyPath: m_LocalPosition.x
      value: -0.579
      objectReference: {fileID: 0}
    - target: {fileID: 423986, guid: d08aee4962743654c8c0199bbe76cd7d, type: 3}
      propertyPath: m_LocalPosition.y
      value: 2.88
      objectReference: {fileID: 0}
    - target: {fileID: 423986, guid: d08aee4962743654c8c0199bbe76cd7d, type: 3}
      propertyPath: m_LocalPosition.z
      value: -19.039
      objectReference: {fileID: 0}
    - target: {fileID: 423986, guid: d08aee4962743654c8c0199bbe76cd7d, type: 3}
      propertyPath: m_LocalRotation.x
      value: -0.707442
      objectReference: {fileID: 0}
    - target: {fileID: 423986, guid: d08aee4962743654c8c0199bbe76cd7d, type: 3}
      propertyPath: m_LocalRotation.y
      value: 0.00000005960935
      objectReference: {fileID: 0}
    - target: {fileID: 423986, guid: d08aee4962743654c8c0199bbe76cd7d, type: 3}
      propertyPath: m_LocalRotation.z
      value: 0.7067715
      objectReference: {fileID: 0}
    - target: {fileID: 423986, guid: d08aee4962743654c8c0199bbe76cd7d, type: 3}
      propertyPath: m_LocalRotation.w
      value: -0.00000047683656
      objectReference: {fileID: 0}
    - target: {fileID: 423986, guid: d08aee4962743654c8c0199bbe76cd7d, type: 3}
      propertyPath: m_RootOrder
      value: 4
      objectReference: {fileID: 0}
    - target: {fileID: 423986, guid: d08aee4962743654c8c0199bbe76cd7d, type: 3}
      propertyPath: m_LocalScale.x
      value: 1.235901
      objectReference: {fileID: 0}
    - target: {fileID: 423986, guid: d08aee4962743654c8c0199bbe76cd7d, type: 3}
      propertyPath: m_LocalScale.y
      value: 1.2359009
      objectReference: {fileID: 0}
    - target: {fileID: 423986, guid: d08aee4962743654c8c0199bbe76cd7d, type: 3}
      propertyPath: m_LocalScale.z
      value: 1.2359012
      objectReference: {fileID: 0}
    - target: {fileID: 10856534, guid: d08aee4962743654c8c0199bbe76cd7d, type: 3}
      propertyPath: m_Lightmapping
      value: 4
      objectReference: {fileID: 0}
    - target: {fileID: 10856534, guid: d08aee4962743654c8c0199bbe76cd7d, type: 3}
      propertyPath: m_Intensity
      value: 1.38
      objectReference: {fileID: 0}
    m_RemovedComponents: []
  m_SourcePrefab: {fileID: 100100000, guid: d08aee4962743654c8c0199bbe76cd7d, type: 3}
--- !u!4 &6481268093545347081 stripped
Transform:
  m_CorrespondingSourceObject: {fileID: 423986, guid: d08aee4962743654c8c0199bbe76cd7d,
    type: 3}
  m_PrefabInstance: {fileID: 6481268093544923195}
  m_PrefabAsset: {fileID: 0}
--- !u!1001 &6481268093610493466
PrefabInstance:
  m_ObjectHideFlags: 0
  serializedVersion: 2
  m_Modification:
    m_TransformParent: {fileID: 6481268092363569336}
    m_Modifications:
    - target: {fileID: 118924, guid: d08aee4962743654c8c0199bbe76cd7d, type: 3}
      propertyPath: m_IsActive
      value: 0
      objectReference: {fileID: 0}
    - target: {fileID: 148220, guid: d08aee4962743654c8c0199bbe76cd7d, type: 3}
      propertyPath: m_Name
      value: Mural 4
      objectReference: {fileID: 0}
    - target: {fileID: 423986, guid: d08aee4962743654c8c0199bbe76cd7d, type: 3}
      propertyPath: m_LocalPosition.x
      value: -6.671391
      objectReference: {fileID: 0}
    - target: {fileID: 423986, guid: d08aee4962743654c8c0199bbe76cd7d, type: 3}
      propertyPath: m_LocalPosition.y
      value: 2.8796525
      objectReference: {fileID: 0}
    - target: {fileID: 423986, guid: d08aee4962743654c8c0199bbe76cd7d, type: 3}
      propertyPath: m_LocalPosition.z
      value: -9.232189
      objectReference: {fileID: 0}
    - target: {fileID: 423986, guid: d08aee4962743654c8c0199bbe76cd7d, type: 3}
      propertyPath: m_LocalRotation.x
      value: -0.70677835
      objectReference: {fileID: 0}
    - target: {fileID: 423986, guid: d08aee4962743654c8c0199bbe76cd7d, type: 3}
      propertyPath: m_LocalRotation.y
      value: 0.0000004768372
      objectReference: {fileID: 0}
    - target: {fileID: 423986, guid: d08aee4962743654c8c0199bbe76cd7d, type: 3}
      propertyPath: m_LocalRotation.z
      value: -0.70743513
      objectReference: {fileID: 0}
    - target: {fileID: 423986, guid: d08aee4962743654c8c0199bbe76cd7d, type: 3}
      propertyPath: m_LocalRotation.w
      value: 0.00000005960465
      objectReference: {fileID: 0}
    - target: {fileID: 423986, guid: d08aee4962743654c8c0199bbe76cd7d, type: 3}
      propertyPath: m_RootOrder
      value: 2
      objectReference: {fileID: 0}
    - target: {fileID: 423986, guid: d08aee4962743654c8c0199bbe76cd7d, type: 3}
      propertyPath: m_LocalScale.x
      value: 1.235901
      objectReference: {fileID: 0}
    - target: {fileID: 423986, guid: d08aee4962743654c8c0199bbe76cd7d, type: 3}
      propertyPath: m_LocalScale.y
      value: 1.235901
      objectReference: {fileID: 0}
    - target: {fileID: 423986, guid: d08aee4962743654c8c0199bbe76cd7d, type: 3}
      propertyPath: m_LocalScale.z
      value: 1.2359012
      objectReference: {fileID: 0}
    - target: {fileID: 428198, guid: d08aee4962743654c8c0199bbe76cd7d, type: 3}
      propertyPath: m_LocalPosition.x
      value: 1.17
      objectReference: {fileID: 0}
    - target: {fileID: 10856534, guid: d08aee4962743654c8c0199bbe76cd7d, type: 3}
      propertyPath: m_Lightmapping
      value: 4
      objectReference: {fileID: 0}
    - target: {fileID: 10856534, guid: d08aee4962743654c8c0199bbe76cd7d, type: 3}
      propertyPath: m_Intensity
      value: 1.38
      objectReference: {fileID: 0}
    m_RemovedComponents: []
  m_SourcePrefab: {fileID: 100100000, guid: d08aee4962743654c8c0199bbe76cd7d, type: 3}
--- !u!4 &6481268093610655272 stripped
Transform:
  m_CorrespondingSourceObject: {fileID: 423986, guid: d08aee4962743654c8c0199bbe76cd7d,
    type: 3}
  m_PrefabInstance: {fileID: 6481268093610493466}
  m_PrefabAsset: {fileID: 0}
--- !u!1001 &6481268093779250225
PrefabInstance:
  m_ObjectHideFlags: 0
  serializedVersion: 2
  m_Modification:
    m_TransformParent: {fileID: 6481268092363569336}
    m_Modifications:
    - target: {fileID: 118924, guid: d08aee4962743654c8c0199bbe76cd7d, type: 3}
      propertyPath: m_IsActive
      value: 0
      objectReference: {fileID: 0}
    - target: {fileID: 148220, guid: d08aee4962743654c8c0199bbe76cd7d, type: 3}
      propertyPath: m_Name
      value: Mural 12 (4)
      objectReference: {fileID: 0}
    - target: {fileID: 148220, guid: d08aee4962743654c8c0199bbe76cd7d, type: 3}
      propertyPath: m_IsActive
      value: 1
      objectReference: {fileID: 0}
    - target: {fileID: 423986, guid: d08aee4962743654c8c0199bbe76cd7d, type: 3}
      propertyPath: m_LocalPosition.x
      value: 3.965
      objectReference: {fileID: 0}
    - target: {fileID: 423986, guid: d08aee4962743654c8c0199bbe76cd7d, type: 3}
      propertyPath: m_LocalPosition.y
      value: 2.88
      objectReference: {fileID: 0}
    - target: {fileID: 423986, guid: d08aee4962743654c8c0199bbe76cd7d, type: 3}
      propertyPath: m_LocalPosition.z
      value: -31.379
      objectReference: {fileID: 0}
    - target: {fileID: 423986, guid: d08aee4962743654c8c0199bbe76cd7d, type: 3}
      propertyPath: m_LocalRotation.x
      value: 0.0005037971
      objectReference: {fileID: 0}
    - target: {fileID: 423986, guid: d08aee4962743654c8c0199bbe76cd7d, type: 3}
      propertyPath: m_LocalRotation.y
      value: 0.00000037933304
      objectReference: {fileID: 0}
    - target: {fileID: 423986, guid: d08aee4962743654c8c0199bbe76cd7d, type: 3}
      propertyPath: m_LocalRotation.z
      value: -0.9999999
      objectReference: {fileID: 0}
    - target: {fileID: 423986, guid: d08aee4962743654c8c0199bbe76cd7d, type: 3}
      propertyPath: m_LocalRotation.w
      value: -0.0000002950134
      objectReference: {fileID: 0}
    - target: {fileID: 423986, guid: d08aee4962743654c8c0199bbe76cd7d, type: 3}
      propertyPath: m_RootOrder
      value: 15
      objectReference: {fileID: 0}
    - target: {fileID: 423986, guid: d08aee4962743654c8c0199bbe76cd7d, type: 3}
      propertyPath: m_LocalScale.x
      value: 1.2359012
      objectReference: {fileID: 0}
    - target: {fileID: 423986, guid: d08aee4962743654c8c0199bbe76cd7d, type: 3}
      propertyPath: m_LocalScale.y
      value: 1.235901
      objectReference: {fileID: 0}
    - target: {fileID: 423986, guid: d08aee4962743654c8c0199bbe76cd7d, type: 3}
      propertyPath: m_LocalScale.z
      value: 1.2359015
      objectReference: {fileID: 0}
    - target: {fileID: 428198, guid: d08aee4962743654c8c0199bbe76cd7d, type: 3}
      propertyPath: m_LocalPosition.z
      value: -0.001
      objectReference: {fileID: 0}
    - target: {fileID: 428198, guid: d08aee4962743654c8c0199bbe76cd7d, type: 3}
      propertyPath: m_LocalPosition.x
      value: -0.69
      objectReference: {fileID: 0}
    - target: {fileID: 446570, guid: d08aee4962743654c8c0199bbe76cd7d, type: 3}
      propertyPath: m_LocalPosition.x
      value: -0.95
      objectReference: {fileID: 0}
    - target: {fileID: 466590, guid: d08aee4962743654c8c0199bbe76cd7d, type: 3}
      propertyPath: m_LocalPosition.x
      value: 0.023
      objectReference: {fileID: 0}
    - target: {fileID: 466590, guid: d08aee4962743654c8c0199bbe76cd7d, type: 3}
      propertyPath: m_LocalPosition.y
      value: 0.985
      objectReference: {fileID: 0}
    - target: {fileID: 466590, guid: d08aee4962743654c8c0199bbe76cd7d, type: 3}
      propertyPath: m_LocalPosition.z
      value: -0
      objectReference: {fileID: 0}
    - target: {fileID: 10856534, guid: d08aee4962743654c8c0199bbe76cd7d, type: 3}
      propertyPath: m_Lightmapping
      value: 4
      objectReference: {fileID: 0}
    - target: {fileID: 10856534, guid: d08aee4962743654c8c0199bbe76cd7d, type: 3}
      propertyPath: m_Intensity
      value: 1.38
      objectReference: {fileID: 0}
    m_RemovedComponents: []
  m_SourcePrefab: {fileID: 100100000, guid: d08aee4962743654c8c0199bbe76cd7d, type: 3}
--- !u!4 &6481268093779670019 stripped
Transform:
  m_CorrespondingSourceObject: {fileID: 423986, guid: d08aee4962743654c8c0199bbe76cd7d,
    type: 3}
  m_PrefabInstance: {fileID: 6481268093779250225}
  m_PrefabAsset: {fileID: 0}
--- !u!1001 &6481268093788284201
PrefabInstance:
  m_ObjectHideFlags: 0
  serializedVersion: 2
  m_Modification:
    m_TransformParent: {fileID: 6481268092363569336}
    m_Modifications:
    - target: {fileID: 118924, guid: d08aee4962743654c8c0199bbe76cd7d, type: 3}
      propertyPath: m_IsActive
      value: 0
      objectReference: {fileID: 0}
    - target: {fileID: 148220, guid: d08aee4962743654c8c0199bbe76cd7d, type: 3}
      propertyPath: m_Name
      value: Mural 8
      objectReference: {fileID: 0}
    - target: {fileID: 423986, guid: d08aee4962743654c8c0199bbe76cd7d, type: 3}
      propertyPath: m_LocalPosition.x
      value: 6.1832175
      objectReference: {fileID: 0}
    - target: {fileID: 423986, guid: d08aee4962743654c8c0199bbe76cd7d, type: 3}
      propertyPath: m_LocalPosition.y
      value: 2.8796525
      objectReference: {fileID: 0}
    - target: {fileID: 423986, guid: d08aee4962743654c8c0199bbe76cd7d, type: 3}
      propertyPath: m_LocalPosition.z
      value: -18.679415
      objectReference: {fileID: 0}
    - target: {fileID: 423986, guid: d08aee4962743654c8c0199bbe76cd7d, type: 3}
      propertyPath: m_LocalRotation.x
      value: -0.707442
      objectReference: {fileID: 0}
    - target: {fileID: 423986, guid: d08aee4962743654c8c0199bbe76cd7d, type: 3}
      propertyPath: m_LocalRotation.y
      value: 0.00000005960935
      objectReference: {fileID: 0}
    - target: {fileID: 423986, guid: d08aee4962743654c8c0199bbe76cd7d, type: 3}
      propertyPath: m_LocalRotation.z
      value: 0.7067715
      objectReference: {fileID: 0}
    - target: {fileID: 423986, guid: d08aee4962743654c8c0199bbe76cd7d, type: 3}
      propertyPath: m_LocalRotation.w
      value: -0.00000047683656
      objectReference: {fileID: 0}
    - target: {fileID: 423986, guid: d08aee4962743654c8c0199bbe76cd7d, type: 3}
      propertyPath: m_RootOrder
      value: 7
      objectReference: {fileID: 0}
    - target: {fileID: 423986, guid: d08aee4962743654c8c0199bbe76cd7d, type: 3}
      propertyPath: m_LocalScale.x
      value: 1.235901
      objectReference: {fileID: 0}
    - target: {fileID: 423986, guid: d08aee4962743654c8c0199bbe76cd7d, type: 3}
      propertyPath: m_LocalScale.y
      value: 1.2359009
      objectReference: {fileID: 0}
    - target: {fileID: 423986, guid: d08aee4962743654c8c0199bbe76cd7d, type: 3}
      propertyPath: m_LocalScale.z
      value: 1.2359012
      objectReference: {fileID: 0}
    - target: {fileID: 10856534, guid: d08aee4962743654c8c0199bbe76cd7d, type: 3}
      propertyPath: m_Lightmapping
      value: 4
      objectReference: {fileID: 0}
    - target: {fileID: 10856534, guid: d08aee4962743654c8c0199bbe76cd7d, type: 3}
      propertyPath: m_Intensity
      value: 1.38
      objectReference: {fileID: 0}
    m_RemovedComponents: []
  m_SourcePrefab: {fileID: 100100000, guid: d08aee4962743654c8c0199bbe76cd7d, type: 3}
--- !u!4 &6481268093788396827 stripped
Transform:
  m_CorrespondingSourceObject: {fileID: 423986, guid: d08aee4962743654c8c0199bbe76cd7d,
    type: 3}
  m_PrefabInstance: {fileID: 6481268093788284201}
  m_PrefabAsset: {fileID: 0}
